<?xml version="1.0" encoding="UTF-8"?><collection xmlns="http://www.loc.gov/MARC21/slim"><record><leader>00486nam--2200133-i-4500</leader><controlfield tag="001">000010971</controlfield><controlfield tag="002">20161230</controlfield><controlfield tag="005">20161230201029</controlfield><controlfield tag="008">060222s1000------------r-----000-0-eng-d</controlfield><datafield ind1=" " ind2=" " tag="080"><subfield code="a">621.375.826(043). 535,33(043)</subfield></datafield><datafield ind1=" " ind2=" " tag="100"><subfield code="a">Bretagne, Jean</subfield></datafield><datafield ind1=" " ind2=" " tag="245"><subfield code="a">Etude spectroscopique d un plasma d helium cree par laser. influence des effets collectifs. mise en evidence experimentale de satellites de transitions interdites</subfield></datafield><datafield ind1=" " ind2=" " tag="260"><subfield code="a">Paris, Universite De Paris-sud, 1973 175 P</subfield></datafield><datafield ind1=" " ind2=" " tag="852"><subfield code="a">40483</subfield></datafield></record></collection>